% ------------------------------------------------------------------------
% BIBLIOGRAPHY FILE
% ------------------------------------------------------------------------
% Insert your biblio here
% 
% ------------------------------------------------------------------------


@online{Rules,
  author = {Valente UTAD},
  title = {{MicroMouseRules} Valente Description},
  year = 2015,
  url = {http://www.micromouse.utad.pt/?page_id=504&lang=en},
  urldate = {2018-03-01}
}


@online{AllJapan,
  author = {New Technology Foundation Japan},
  title = {All japan micromouse Description},
  year = 2017,
  url = {http://www.ntf.or.jp/mouse/micromouse2017/index_EN.html},
  urldate = {2018-03-12}
}

@INPROCEEDINGS{7886612, 
author={J. H. Su and C. S. Lee and C. W. Chen}, 
booktitle={2016 International Conference on Advanced Robotics and Intelligent Systems (ARIS)}, 
title={Sensor fusion algorithms for encoder resolution enhancement in educational mobile robots}, 
year={2016}, 
volume={}, 
number={}, 
pages={1-5}, 
keywords={Kalman filters;educational robots;micromechanical devices;mobile robots;motion control;observers;sensor fusion;signal resolution;Kalman filter;MEMS;accelerometers;educational mobile robots;encoder resolution enhancement;gyros;high-quality motion control;micro electro mechanical systems devices;observer;position signals;sensor fusion;velocity signals;Accelerometers;Kalman filters;Mobile robots;Observers;Robot sensing systems;Sensor fusion;accelerometer;encoder;mobile robots;sensor fusion}, 
doi={10.1109/ARIS.2016.7886612}, 
ISSN={}, 
month={Aug}}

